@PhdThesis{ xin_phd,
    author = {H. Xin},
    title = {{Development and Validation of a Generalized Ground Effect Model for Lifting Rotors}},
    school = {Georgia Institute of Technology},
    year = {1999},
    type = {{Ph.D.} {T}hesis},
    address = {Georgia, Atlanta},
    OPTmonth = {July}
}

@Book{ leishman_book,
    title = {{Principles of Helicopter Aerodynamics}},
    series = {{Cambridge Aerospace Series}},
    author = {J. G. Leishman},
    year = {2002},
    publisher = {{Cambridge University Press}},
    address = {Cambridge},
    isbn = {0-521-52396-6}
}


@InProceedings{ ag_06,
    author = {G. D. Padfield and A. T. {McCallum} and H. Haverdings and {A.-M.} Dequin and D. Haddon and K. Kampa and {P.-M} Basset and W. {Von Gruenhagen}},
    title = {{Predicting Rotorcraft Flying Qualities Through Simulation Modelling -- A Review of Key Results from GARTEUR AG06}},
    booktitle = {{Proceedings of the 22nd European Rotorcraft Forum}},
    address = {Brighton},
    year = {1996},
    month = {Sept.},
    volume = {2},
    pages = {71.1 -- 71.14}
}

@InProceedings{ hess,
    title = {{A Simplified Technique for Modeling Piloted Rotorcraft Operations Near Ships}},
    author = {R. A. Hess},
    booktitle = {{Proceedings of the AIAA Atmospheric Flight Mechanics Conference and Exhibit}},
    address = {San Francisco, California},
    month = {Aug.},
    day = {15 -- 18},
    year = {2005},
}


@InCollection{ de_leeuw_ls178,
    title = {{Identification Techniques, Model Structure and Time Domain Methods}},
    author = {J. H. {de Leeuw}},
    booktitle = {{Rotorcraft System Identification, LS -- 178}},
    institution = {NATO},
    year = {1991},
    series = {{AGARD Lecture Series}},
    publisher = {AGARD},
    address = {{Neuilly sur Seine}},
    isbn = {92-835-0640-5}
}


@Article{ pitt_peters_vertica_arti,
    author = {D. M. Pitt and D. A. Peters},
    title = {{Theoretical Prediction of Dynamic -- Inflow Derivatives}},
    journal = {Vertica},
    year = {1981},
    volume = {\BVOL { 5}},
    pages = {\BPGS { 21 -- 34}}
}


@TechReport{ takahashi,
    author = {M. D. Takahashi},
    title = {{A Flight-Dynamic Helicopter Mathematical Model with a Single Flap-Lag-Torsion Main Rotor}},
    institution = {},
    year = {1990},
    type = {\bibnotype},
    number = {NASA TM-102267},
    OPTaddress = {},
    month = {Feb.}
}

@Manual{ matlab_programming,
    title = {{Using MATLAB}},
    author = {Anon.},
    publisher = {{The MathWorks, Inc.}},
    address = {Natick},
    year = {2002}
}


@Misc{ lug,
    title = {{LAPACK -- Linear Algebra PACKage}},
    howpublished = {\url{http://www.netlib.org/lapack/}},
    day = {12},
    month = {July},
    year = {2006}
}

