Additional resources

@online{HAWTWindmill,
  author = {Wikipedia Commons},
  title = {Windmills D1-D4 (Thornton Bank)},
  year = 2008,
  url = {http://upload.wikimedia.org/wikipedia/commons/b/ba/Windmills_D1-D4_%28Thornton_Bank%29.jpg},
  urldate = {2014-05-21}
}

@online{darrieusWindmill,
  author = {Wikimedia Commons},
  title = {Darrieus Windmill},
  year = 2007,
  url = {http://upload.wikimedia.org/wikipedia/commons/3/3c/Darrieus-windmill.jpg},
  urldate = {2014-05-21}
}


@ARTICLE{Tutty2010a,
   author = {{Tutty}, O.~R.},
    title = "{A Simple Redistribution Vortex Method (with Accurate Body Forces)}",
  journal = {ArXiv e-prints},
archivePrefix = "arXiv",
   eprint = {1009.0166},
 primaryClass = "physics.flu-dyn",
 keywords = {Physics - Fluid Dynamics, Physics - Computational Physics},
     year = 2010,
    month = sep,
   adsurl = {http://adsabs.harvard.edu/abs/2010arXiv1009.0166T},
  adsnote = {Provided by the SAO/NASA Astrophysics Data System}
}
